<?xml version="1.0" encoding="UTF-8"?>
<record xmlns="http://www.loc.gov/MARC21/slim" xmlns:xsi="http://www.w3.org/2001/XMLSchema-instance" xsi:schemaLocation="http://www.loc.gov/MARC21/slim http://www.loc.gov/standards/marcxml/schema/MARC21slim.xsd">
<leader>     cam a2200289 a 4500</leader>
<controlfield tag="001">002313967</controlfield>
<controlfield tag="003">NNU</controlfield>
<controlfield tag="005">20061010172728.0</controlfield>
<controlfield tag="008">960326m19401943le            000 0 ara d</controlfield>
<datafield tag="035" ind1="9" ind2=" ">
<subfield code="a">NYUb11426629</subfield>
</datafield>
<datafield tag="035" ind1=" " ind2=" ">
<subfield code="a">(CStRLIN)NYUG96-B948</subfield>
</datafield>
<datafield tag="040" ind1=" " ind2=" ">
<subfield code="a">PU</subfield>
<subfield code="c">PSt</subfield>
<subfield code="d">NjP</subfield>
<subfield code="d">NNU</subfield>
</datafield>
<datafield tag="043" ind1=" " ind2=" ">
<subfield code="a">a-sy---</subfield>
<subfield code="a">f-ua---</subfield>
</datafield>
<datafield tag="066" ind1=" " ind2=" ">
<subfield code="c">(3</subfield>
</datafield>
<datafield tag="090" ind1=" " ind2=" ">
<subfield code="a">DS97.5</subfield>
<subfield code="b">.R5</subfield>
</datafield>
<datafield tag="100" ind1="1" ind2=" ">
<subfield code="6">880-01</subfield>
<subfield code="a">Rustum, Asad,</subfield>
<subfield code="d">1897-1965.</subfield>
</datafield>
<datafield tag="245" ind1="1" ind2="3">
<subfield code="6">880-02</subfield>
<subfield code="a">al-Maḥfūzāt al-Malakīyah al-Miṣrīyah :</subfield>
<subfield code="b">bayān bi-wathāʼiq al-Shām ... /</subfield>
<subfield code="c">li-Asad Rustum.</subfield>
</datafield>
<datafield tag="260" ind1=" " ind2=" ">
<subfield code="a">[Beirut,</subfield>
<subfield code="b">American Press,</subfield>
<subfield code="c">1940-1943].</subfield>
</datafield>
<datafield tag="300" ind1=" " ind2=" ">
<subfield code="a">4 v. :</subfield>
<subfield code="b">port. ;</subfield>
<subfield code="c">25 cm.</subfield>
</datafield>
<datafield tag="500" ind1=" " ind2=" ">
<subfield code="a">Title on added t.p.: A calendar of state papers from the royal archives of Egypt relating to the affairs of Syria.</subfield>
</datafield>
<datafield tag="651" ind1=" " ind2="0">
<subfield code="a">Syria</subfield>
<subfield code="x">History</subfield>
<subfield code="v">Sources.</subfield>
</datafield>
<datafield tag="651" ind1=" " ind2="0">
<subfield code="a">Syria</subfield>
<subfield code="x">Foreign relations</subfield>
<subfield code="z">Egypt.</subfield>
</datafield>
<datafield tag="651" ind1=" " ind2="0">
<subfield code="a">Egypt</subfield>
<subfield code="x">Foreign relations</subfield>
<subfield code="z">Syria.</subfield>
</datafield>
<datafield tag="650" ind1=" " ind2="0">
<subfield code="a">Archives</subfield>
<subfield code="z">Egypt.</subfield>
</datafield>
<datafield tag="740" ind1="0" ind2=" ">
<subfield code="a">Calendar of state papers from the royal archives of Egypt relating to the affairs of Syria.</subfield>
</datafield>
<datafield tag="880" ind1="1" ind2=" ">
<subfield code="6">100-01/</subfield>
<subfield code="a">رستم، أسد.</subfield>
</datafield>
<datafield tag="880" ind1="1" ind2="2">
<subfield code="6">245-02/</subfield>
<subfield code="a">المحفوظات الملكية المصرية :</subfield>
<subfield code="b">بيان بوثائق الشام ... /</subfield>
<subfield code="c">لأسد رستم.</subfield>
</datafield>
<datafield tag="OWN" ind1=" " ind2=" ">
<subfield code="a">GENERAL</subfield>
</datafield>
<datafield tag="998" ind1=" " ind2=" ">
<subfield code="a">19970107</subfield>
<subfield code="d">19960326</subfield>
<subfield code="d">19970107</subfield>
<subfield code="n">NNU</subfield>
<subfield code="s">1</subfield>
<subfield code="t">c</subfield>
<subfield code="z">p</subfield>
</datafield>
<datafield tag="AVA" ind1=" " ind2=" ">
<subfield code="a">NYU50</subfield>
<subfield code="b">BOBST</subfield>
<subfield code="c">Main Collection</subfield>
<subfield code="d">DS97.5 .R5</subfield>
<subfield code="e">unavailable</subfield>
<subfield code="t">Unavailable</subfield>
<subfield code="f">2</subfield>
<subfield code="g">2</subfield>
<subfield code="h">Y</subfield>
<subfield code="i">1</subfield>
<subfield code="j">MAIN</subfield>
<subfield code="k">0</subfield>
</datafield>
</record>
